<CBIPaymentRequest xmlns:xsi="http://www.w3.org/2001/XMLSchema-instance" xmlns="urn:CBI:xsd:CBIPaymentRequest.00.04.00" xsi:schemaLocation="urn:CBI:xsd:CBIPaymentRequest.00.04.00 CBIPaymentRequest.00.04.00.xsd"><GrpHdr><MsgId>StaticId</MsgId><CreDtTm>2014-06-01T17:10:01.802784</CreDtTm><NbOfTxs>4</NbOfTxs><CtrlSum>11323.26</CtrlSum><InitgPty><Nm>Test Business S.P.A.</Nm><Id><OrgId><Othr><Id>S0215325Z</Id><Issr>CBI</Issr></Othr><Othr><Id>12312312311</Id><Issr>ADE</Issr></Othr></OrgId></Id></InitgPty></GrpHdr><PmtInf><PmtInfId>StaticId</PmtInfId><PmtMtd>TRF</PmtMtd><ReqdExctnDt>2014-05-15</ReqdExctnDt><Dbtr><Nm>Test Business S.P.A.</Nm><PstlAdr><AdrLine>Via Giuseppe Verdi, 15</AdrLine><AdrLine>33100 Udine</AdrLine></PstlAdr><Id><OrgId><Othr><Id>12312312311</Id><Issr>ADE</Issr></Othr></OrgId></Id><CtryOfRes>IT</CtryOfRes></Dbtr><DbtrAcct><Id><IBAN>IT37Z0760101600000028426203</IBAN></Id></DbtrAcct><DbtrAgt><FinInstnId><ClrSysMmbId><MmbId>07601</MmbId></ClrSysMmbId></FinInstnId></DbtrAgt><ChrgBr>SLEV</ChrgBr><CdtTrfTxInf><PmtId><InstrId>1</InstrId><EndToEndId>StaticId-000001</EndToEndId></PmtId><PmtTpInf><CtgyPurp><Cd>SUPP</Cd></CtgyPurp></PmtTpInf><Amt><InstdAmt Ccy="EUR">198.25</InstdAmt></Amt><Cdtr><Nm>Beta s.n.c.</Nm><Id><OrgId><Othr><Id>ESQ01231244</Id></Othr></OrgId></Id></Cdtr><CdtrAcct><Id><IBAN>IT86U0760111500000010117463</IBAN></Id></CdtrAcct><RmtInf><Ustrd>Causale 1</Ustrd></RmtInf></CdtTrfTxInf><CdtTrfTxInf><PmtId><InstrId>2</InstrId><EndToEndId>StaticId-000002</EndToEndId></PmtId><PmtTpInf><CtgyPurp><Cd>SUPP</Cd></CtgyPurp></PmtTpInf><Amt><InstdAmt Ccy="EUR">350.00</InstdAmt></Amt><Cdtr><Nm>Test Business S.P.A.</Nm><PstlAdr><AdrLine>Via Giuseppe Verdi, 15</AdrLine><AdrLine>33100 Udine</AdrLine></PstlAdr><Id><OrgId><Othr><Id>12312312311</Id><Issr>ADE</Issr></Othr></OrgId></Id><CtryOfRes>IT</CtryOfRes></Cdtr><CdtrAcct><Id><IBAN>IT37Z0760101600000028426203</IBAN></Id></CdtrAcct><RmtInf><Ustrd>Altra causale</Ustrd></RmtInf></CdtTrfTxInf><CdtTrfTxInf><PmtId><InstrId>3</InstrId><EndToEndId>StaticId-000003</EndToEndId></PmtId><PmtTpInf><CtgyPurp><Cd>SUPP</Cd></CtgyPurp></PmtTpInf><Amt><InstdAmt Ccy="EUR">9532.21</InstdAmt></Amt><CdtrAgt><FinInstnId><BIC>ABCDESNN</BIC></FinInstnId></CdtrAgt><Cdtr><Nm>Alpha s.r.l.</Nm><PstlAdr><AdrLine>Piazza Rossini, 8/A</AdrLine><AdrLine>44044 Xyz</AdrLine></PstlAdr><Id><OrgId><Othr><Id>IT01234567890</Id><Issr>ADE</Issr></Othr></OrgId></Id><CtryOfRes>IT</CtryOfRes></Cdtr><CdtrAcct><Id><IBAN>ES3821001579800200255488</IBAN></Id></CdtrAcct><RmtInf><Ustrd>/CINV/18512/ 4500.00/DEBN/1048/ 5032.21/ 19950421</Ustrd></RmtInf></CdtTrfTxInf><CdtTrfTxInf><PmtId><InstrId>4</InstrId><EndToEndId>StaticId-000004</EndToEndId></PmtId><PmtTpInf><CtgyPurp><Cd>SALA</Cd></CtgyPurp></PmtTpInf><Amt><InstdAmt Ccy="EUR">1242.80</InstdAmt></Amt><Cdtr><Nm>Mario Rossi</Nm><Id><PrvtId><Othr><Id>RSSMRA50C10F842H</Id><Issr>ADE</Issr></Othr></PrvtId></Id><CtryOfRes>IT</CtryOfRes></Cdtr><CdtrAcct><Id><IBAN>IT86U0760111500000010117463</IBAN></Id></CdtrAcct><RmtInf><Ustrd>Salary</Ustrd></RmtInf></CdtTrfTxInf></PmtInf></CBIPaymentRequest>