 PC0A12307601060714Distinta                                                                                        E      
 10      1      150514      48000        19825+ 7601 1600000028426203                                            1     E
 16      1IT37Z0760101600000028426203                                                                                   
 17      1IT86U0760111500000010117463                                                                                   
 20      1Test Business S.P.A.                                                                      12312312311         
 30      1Beta s.n.c.                                                                                                   
 50      1Causale 1                                                                                                     
 10      2      150514      48000        35000+ 7601 1600000028426203                                            1     E
 16      2IT37Z0760101600000028426203                                                                                   
 17      2IT37Z0760101600000028426203                                                                                   
 20      2Test Business S.P.A.                                                                      12312312311         
 30      2Test Business S.P.A.                                                                      12312312311         
 50      2Altra causale                                                                                                 
 10      3      150514      48000       953221+ 7601 1600000028426203                                            1     E
 16      3IT37Z0760101600000028426203                                                                                   
 17      3IT86U0760111500000010117463                                                                                   
 20      3Test Business S.P.A.                                                                      12312312311         
 30      3Alpha s.r.l.                                                                              IT01234567890       
 50      318512                          104821041995                                                                   
 10      4      150514      27020       124280+ 7601 1600000028426203                                            1     E
 16      4IT37Z0760101600000028426203                                                                                   
 17      4IT86U0760111500000010117463                                                                                   
 20      4Test Business S.P.A.                                                                      12312312311         
 30      4Mario Rossi                                                                               RSSMRA50C10F842H    
 50      4Salary                                                                                                        
 EF0A12307601060714Distinta                        4              0        1132326     26                        E      
