 PC0A12307601060714Distinta                                                                                        E      
 100000001      150514      48000        19825+ 7601 1600000028426203                                            1     E
 160000001IT37Z0760101600000028426203                                                                                   
 170000001IT86U0760111500000010117463                                                                                   
 200000001Test Business S.P.A.                                                                      12312312311         
 300000001Beta s.n.c.                                                                                                   
 500000001Causale 1                                                                                                     
 100000002      150514      48000        35000+ 7601 1600000028426203                                            1     E
 160000002IT37Z0760101600000028426203                                                                                   
 170000002IT37Z0760101600000028426203                                                                                   
 200000002Test Business S.P.A.                                                                      12312312311         
 300000002Test Business S.P.A.                                                                      12312312311         
 500000002Altra causale                                                                                                 
 100000003      150514      48000       953221+ 7601 1600000028426203                                            1     E
 160000003IT37Z0760101600000028426203                                                                                   
 170000003IT86U0760111500000010117463                                                                                   
 200000003Test Business S.P.A.                                                                      12312312311         
 300000003Alpha s.r.l.                                                                              IT01234567890       
 50000000318512                          104821041995                                                                   
 100000004      150514      27020       124280+ 7601 1600000028426203                                            1     E
 160000004IT37Z0760101600000028426203                                                                                   
 170000004IT86U0760111500000010117463                                                                                   
 200000004Test Business S.P.A.                                                                      12312312311         
 300000004Mario Rossi                                                                               RSSMRA50C10F842H    
 500000004Salary                                                                                                        
 EF0A12307601060714Distinta                        4              0        1132326     26                        E      
