 PC0A12307601999999Distinta                                                                                     UE      
 100000001      150514      480000000000019825+0760101600000028426203                                            1    UE
 160000001IT37Z0760101600000028426203                                                                                   
 170000001IT86U0760111500000010117463                                                                                   
 200000001Test Business S.P.A.                                                                      12312312311         
 300000001Beta s.n.c.                                                                                                   
 500000001Causale 1                                                                                                     
 700000001                                                                                                              
 EF0A12307601240616Distinta                  00000010000000000000000000000000198250000009                       UE      
