 PC0A12307601999999Distinta                                                                                      E      
 100000001      150514      480000000000019825+0760101600000028426203                                            1     E
 160000001IT37Z0760101600000028426203                                                                                   
 170000001IT86U0760111500000010117463                                                                                   
 200000001Test Business S.P.A.                                                                      12312312311         
 300000001Beta s.n.c.                                                                                                   
 500000001Causale 1                                                                                                     
 700000001                                                                                                              
 100000002      150514      480000000000035000+0760101600000028426203                                            1     E
 160000002IT37Z0760101600000028426203                                                                                   
 170000002IT37Z0760101600000028426203                                                                                   
 200000002Test Business S.P.A.                                                                      12312312311         
 300000002Test Business S.P.A.                                                                      12312312311         
 500000002Altra causale                                                                                                 
 700000002                                                                                                              
 100000003      150514      480000000000953221+0760101600000028426203                                            1     E
 160000003IT37Z0760101600000028426203                                                                                   
 170000003IT86U0760111500000010117463                                                                                   
 200000003Test Business S.P.A.                                                                      12312312311         
 300000003Alpha s.r.l.                                                                              IT01234567890       
 5000000031851217072009                    104821041995                                                                 
 700000003                                                                                                              
 100000004      150514      270200000000124280+0760101600000028426203                                            1     E
 160000004IT37Z0760101600000028426203                                                                                   
 170000004IT86U0760111500000010117463                                                                                   
 200000004Test Business S.P.A.                                                                      12312312311         
 300000004Mario Rossi                                                                               RSSMRA50C10F842H    
 500000004Salary payment                                                                                                
 700000004                                                                                                              
 EF0A12307601999999Distinta                  00000040000000000000000000000011323260000030                        E      
