 PC0A12307601060714Distinta                                                                                        E      
 10      1      150514      48000        19825+ 7601 1600000028426203                                            1     E
 16      1IT37Z0760101600000028426203                                                                                   
 17      1IT86U0760111500000010117463                                                                                   
 20      1Test Business S.P.A.                                                                      12312312311         
 30      1Beta s.n.c.                                                                                                   
 50      1Causale 1                                                                                                     
 EF0A12307601060714Distinta                        1              0          19825      8                        E      
