 PC0A12307601060714Distinta                                                                                        E      
 100000001      150514      48000        19825+ 7601 1600000028426203                                            1     E
 160000001IT37Z0760101600000028426203                                                                                   
 170000001IT86U0760111500000010117463                                                                                   
 200000001Test Business S.P.A.                                                                      12312312311         
 300000001Beta s.n.c.                                                                                                   
 500000001Causale 1                                                                                                     
 EF0A12307601060714Distinta                        1              0          19825      8                        E      
