<CBIBdyPaymentRequest xmlns:xsi="http://www.w3.org/2001/XMLSchema-instance" xmlns="urn:CBI:xsd:CBIBdyPaymentRequest.00.04.00" xsi:schemaLocation="urn:CBI:xsd:CBIBdyPaymentRequest.00.04.00 CBIBdyPaymentRequest.00.04.00.xsd"><CBIEnvelPaymentRequest><CBIPaymentRequest><GrpHdr xmlns="urn:CBI:xsd:CBIPaymentRequest.00.04.00"><MsgId>StaticId</MsgId><CreDtTm>2014-06-01T17:15:27.114304</CreDtTm><NbOfTxs>1</NbOfTxs><CtrlSum>198.25</CtrlSum><InitgPty><Nm>Test Business S.P.A.</Nm><Id><OrgId><Othr><Id>S0215325Z</Id><Issr>CBI</Issr></Othr><Othr><Id>12312312311</Id><Issr>ADE</Issr></Othr></OrgId></Id></InitgPty></GrpHdr><PmtInf xmlns="urn:CBI:xsd:CBIPaymentRequest.00.04.00"><PmtInfId>StaticId</PmtInfId><PmtMtd>TRF</PmtMtd><BtchBookg>true</BtchBookg></PmtInf><PmtTpInf><InstrPrty>HIGH</InstrPrty><SvcLvl><Cd>SEPA</Cd></SvcLvl><ReqdExctnDt>2014-05-15</ReqdExctnDt><Dbtr><Nm>Test Business S.P.A.</Nm><PstlAdr><AdrLine>Via Giuseppe Verdi, 15</AdrLine><AdrLine>33100 Udine</AdrLine></PstlAdr><Id><OrgId><Othr><Id>12312312311</Id><Issr>ADE</Issr></Othr></OrgId></Id><CtryOfRes>IT</CtryOfRes></Dbtr><DbtrAcct><Id><IBAN>IT37Z0760101600000028426203</IBAN></Id></DbtrAcct><DbtrAgt><FinInstnId><ClrSysMmbId><MmbId>07601</MmbId></ClrSysMmbId></FinInstnId></DbtrAgt><UltmtDbtr><Nm>Beta s.n.c.</Nm><Id><OrgId><Othr><Id>ESQ01231244</Id></Othr></OrgId></Id></UltmtDbtr><ChrgBr>SLEV</ChrgBr><ChrgsAcct><Id><IBAN>IT86U0760111500000010117463</IBAN></Id></ChrgsAcct><CdtTrfTxInf><PmtId><InstrId>1</InstrId><EndToEndId>StaticId-000001</EndToEndId></PmtId><PmtTpInf><CtgyPurp><Cd>SUPP</Cd></CtgyPurp></PmtTpInf><Amt><InstdAmt Ccy="EUR">198.25</InstdAmt></Amt><Cdtr><Nm>Beta s.n.c.</Nm><Id><OrgId><Othr><Id>ESQ01231244</Id></Othr></OrgId></Id></Cdtr><CdtrAcct><Id><IBAN>IT86U0760111500000010117463</IBAN></Id></CdtrAcct><RmtInf><Ustrd>Causale 1</Ustrd></RmtInf></CdtTrfTxInf></PmtTpInf></CBIPaymentRequest></CBIEnvelPaymentRequest></CBIBdyPaymentRequest>